<record><leader>00000cas a22000007a 4500</leader><controlfield tag="001">12753141</controlfield><controlfield tag="008">851102d19541960mtuer ne      0    0eng d</controlfield><datafield ind1=" " ind2=" " tag="010"><subfield code="a">sn 85053317 </subfield></datafield><datafield ind1=" " ind2=" " tag="040"><subfield code="a">MTL</subfield><subfield code="b">eng</subfield><subfield code="c">MTL</subfield><subfield code="d">OCLCQ</subfield></datafield><datafield ind1=" " ind2=" " tag="042"><subfield code="a">msc</subfield></datafield><datafield ind1="0" ind2="4" tag="245"><subfield code="a">The Chrome dust.</subfield></datafield><datafield ind1=" " ind2=" " tag="260"><subfield code="a">Nye, Mont. :</subfield><subfield code="b">Chrome Activity Club,</subfield><subfield code="c">1954-1960.</subfield></datafield><datafield ind1=" " ind2=" " tag="300"><subfield code="a">[6] v. :</subfield><subfield code="b">ill.</subfield></datafield><datafield ind1=" " ind2=" " tag="310"><subfield code="a">Biweekly</subfield></datafield><datafield ind1="0" ind2=" " tag="362"><subfield code="a">Issue no. 1 (June 19, 1954)-issue no. 137 (May 27, 1960).</subfield></datafield><datafield ind1=" " ind2=" " tag="500"><subfield code="a">First issue was published without title while contest was run to select name.</subfield></datafield><datafield ind1=" " ind2=" " tag="500"><subfield code="a">Mimeographed.</subfield></datafield><datafield ind1=" " ind2=" " tag="521"><subfield code="a">"For the employees of American Chrome Company."</subfield></datafield><datafield ind1=" " ind2=" " tag="752"><subfield code="a">United States</subfield><subfield code="b">Montana</subfield><subfield code="c">Stillwater</subfield><subfield code="d">Nye.</subfield></datafield></record>